@book{schneier1999twofish,
  title={The Twofish encryption algorithm: a 128-bit block cipher},
  author={Schneier, Bruce and Kelsey, John and Whiting, Doug and Wagner, David and Hall, Chris and Ferguson, Niels},
  year={1999},
  publisher={John Wiley \& Sons, Inc.}
}

@article{schneier2000twofish,
  title={The Twofish team’s final comments on AES Selection},
  author={Schneier, Bruce and Kelsey, John and Whiting, Doug and Wagner, David and Hall, Chris and Ferguson, Niels and Kohno, Tadayoshi and Stay, Mike},
  journal={AES round},
  volume={2},
  number={1},
  pages={1--13},
  year={2000}
}

@inproceedings{lucks2001saturation,
  title={The saturation attack—a bait for Twofish},
  author={Lucks, Stefan},
  booktitle={International Workshop on Fast Software Encryption},
  pages={1--15},
  year={2001},
  organization={Springer}
}

@inproceedings{schneier2000performance,
  title={A Performance Comparison of the Five AES Finalists.},
  author={Schneier, Bruce and Whiting, Doug},
  booktitle={AES Candidate Conference},
  pages={123--135},
  year={2000}
}